<?xml version="1.0" encoding="UTF-8"?><collection xmlns="http://www.loc.gov/MARC21/slim"><record><leader>00411nam--2200133-i-4500</leader><controlfield tag="001">000021054</controlfield><controlfield tag="002">20161230</controlfield><controlfield tag="005">20161230201034</controlfield><controlfield tag="008">060222s1000------------r-----000-0-eng-d</controlfield><datafield ind1=" " ind2=" " tag="080"><subfield code="a">53</subfield></datafield><datafield ind1=" " ind2=" " tag="100"><subfield code="a">Haward  R.N</subfield></datafield><datafield ind1=" " ind2=" " tag="245"><subfield code="a">The strength of plastics and glass. a study in time-sensitie materils</subfield></datafield><datafield ind1=" " ind2=" " tag="260"><subfield code="a">London-new York, Cleaven-hume Press, Inerscience Publishers, 1949. Viii + 241 P. Cu Ilustr</subfield></datafield><datafield ind1=" " ind2=" " tag="852"><subfield code="a">10092</subfield></datafield></record></collection>